<record><leader>00000cas a22000007a 4500</leader><controlfield tag="001">11561744</controlfield><controlfield tag="008">850109d18521855cauwr ne      0    0eng d</controlfield><datafield ind1=" " ind2=" " tag="010"><subfield code="a">sn 85025046 </subfield></datafield><datafield ind1=" " ind2=" " tag="040"><subfield code="a">NPX</subfield><subfield code="b">eng</subfield><subfield code="c">NPX</subfield><subfield code="d">OCLCQ</subfield></datafield><datafield ind1=" " ind2=" " tag="042"><subfield code="a">msc</subfield></datafield><datafield ind1="0" ind2=" " tag="130"><subfield code="a">Democratic state journal (Sacramento, Calif.)</subfield></datafield><datafield ind1="1" ind2="0" tag="245"><subfield code="a">Democratic state journal.</subfield></datafield><datafield ind1="1" ind2="3" tag="246"><subfield code="a">Weekly Democratic state journal</subfield></datafield><datafield ind1=" " ind2=" " tag="250"><subfield code="a">Weekly ed.</subfield></datafield><datafield ind1=" " ind2=" " tag="260"><subfield code="a">Sacramento [Calif.] :</subfield><subfield code="b">Geiger &amp; Washington</subfield></datafield><datafield ind1=" " ind2=" " tag="300"><subfield code="a">v.</subfield></datafield><datafield ind1=" " ind2=" " tag="310"><subfield code="a">Weekly</subfield></datafield><datafield ind1="1" ind2=" " tag="362"><subfield code="a">Began with Feb. 5, 1852 issue; ceased with Mar. 3, 1855 issue.</subfield><subfield code="z">Cf. Gregory, W. Amer. newspapers.</subfield></datafield><datafield ind1=" " ind2=" " tag="500"><subfield code="a">Sometimes published as: Weekly Democratic state journal. Cf. Gregory, W. Amer. newspapers.</subfield></datafield><datafield ind1=" " ind2=" " tag="500"><subfield code="a">Editors: Vincent E. Geiger, Benjamin F. Washington, &lt;1853&gt;.</subfield></datafield><datafield ind1=" " ind2=" " tag="588"><subfield code="a">Description based on: New ser. v. 1, no. 17, (Mar. 12, 1853).</subfield></datafield><datafield ind1=" " ind2=" " tag="752"><subfield code="a">United States</subfield><subfield code="b">California</subfield><subfield code="c">Sacramento</subfield><subfield code="d">Sacramento.</subfield></datafield><datafield ind1="0" ind2=" " tag="775"><subfield code="t">Steamer Democratic state journal</subfield><subfield code="w">(DLC)sn 84027037</subfield></datafield><datafield ind1="0" ind2=" " tag="775"><subfield code="t">Daily Democratic state journal</subfield><subfield code="w">(DLC)sn 82014492</subfield></datafield><datafield ind1="0" ind2="5" tag="780"><subfield code="t">Weekly Californian</subfield><subfield code="g">1853</subfield><subfield code="w">(DLC)sn 82015763</subfield></datafield><datafield ind1="0" ind2="0" tag="785"><subfield code="t">Weekly state journal (Sacramento, Calif.)</subfield><subfield code="w">(DLC)sn 84027036</subfield></datafield><datafield ind1="1" ind2=" " tag="029"><subfield code="a">AU@</subfield><subfield code="b">000025816975</subfield></datafield></record>